<?xml version="1.0" encoding="UTF-8"?><collection xmlns="http://www.loc.gov/MARC21/slim"><record><leader>00661nam--2200229-u-4500</leader><controlfield tag="001">000050679</controlfield><controlfield tag="002">20161230</controlfield><controlfield tag="005">20161230201048</controlfield><controlfield tag="008">080312s1000------------r-----000-0-eng-d</controlfield><datafield ind1=" " ind2=" " tag="020"><subfield code="a">3527406514</subfield></datafield><datafield ind1=" " ind2=" " tag="040"><subfield code="a">IFIN-HH</subfield></datafield><datafield ind1=" " ind2=" " tag="080"><subfield code="a">538.9:001.2</subfield></datafield><datafield ind1="1" ind2=" " tag="100"><subfield code="a">Wolf,Edward L</subfield></datafield><datafield ind1="1" ind2="0" tag="245"><subfield code="a">Nanophysics and Nanotechnology</subfield><subfield code="b">An Introduction to Modern Concepts in Nanoscience</subfield><subfield code="c">Edward L. Wolf</subfield></datafield><datafield ind1=" " ind2=" " tag="250"><subfield code="a">Second, Updated and Enlarged Edition</subfield></datafield><datafield ind1=" " ind2=" " tag="260"><subfield code="a">Weinheim</subfield><subfield code="b">Wiley-VCH</subfield><subfield code="c">2006</subfield></datafield><datafield ind1=" " ind2=" " tag="300"><subfield code="a">292 p</subfield></datafield><datafield ind1=" " ind2=" " tag="490"><subfield code="a">Physics Textbook</subfield></datafield><datafield ind1=" " ind2=" " tag="504"><subfield code="a">Includes Index</subfield></datafield><datafield ind1=" " ind2="4" tag="650"><subfield code="a">Quantum Nature of the Nanoworld</subfield></datafield><datafield ind1=" " ind2=" " tag="852"><subfield code="c">001.2</subfield></datafield><datafield ind1=" " ind2=" " tag="CAT"><subfield code="a">Sys</subfield><subfield code="c">20110105</subfield><subfield code="h">091439</subfield></datafield></record></collection>